@book{saturday_is_monday,
  author    = "Стругацкий, А.Н. and Стругацкий, Б.Н.",
  title     = "Понедельник начинается в субботу",
  address   = "М.",
  editor    = "Иванов",
  publisher = "Детская литература",
  year      = 1965,
  language  = "russian"
}
@book{book:fourier,
  title      = {Ряды и интеграл Фурье: Теория поля. Аналитические и специальные функции. Преобразование Лапласа},
  author     = {Кожевников, Н.И. and Краснощекова, Т.И. and Шишкин, Н.Е.},
  lccn       = {66051327},
  series     = {Избранные главы высшей математики для инженеров и студентов втузов. Задачи и упражнения},
  url        = {http://books.google.ru/books?id=xvXuAAAAMAAJ},
  year       = {1964},
  publisher  = {Наука},
  eprint     = {http://books.google.ru/books?id=xvXuAAAAMAAJ},
  eprinttype = {Google Books}
}
@online{wiki:generative,
  author       = "Wikipedia",
  title        = "Generative model",
  howpublished = "Wikipedia, the free encyclopedia",
  year         = 2017,
  url          = {https://en.wikipedia.org/wiki/Generative_model},
  urldate      = "11.05.2017",
  language     = "english"
}
@article{bakshi1993wave,
  title={Wave-net: A multiresolution, hierarchical neural network with localized learning},
  author={Bakshi, Bhavik R and Stephanopoulos, George},
  journal={AIChE Journal},
  volume={39},
  number={1},
  pages={57--81},
  year={1993},
  publisher={Wiley Online Library}
}

@Article{arxiv:yu-fisher,
     author    = "Yu, Fisher and Koltun, Vladlen.",
     title     = "{Multi-scale context aggregation by dilated convolutions}",
     journal   = "ICLR,",
    %  volume    = "B393",
     year      = "2016",
     url        = {https://arxiv.org/abs/1511.07122},
    %  pages     = "132-142",
    %  eprint    = "hep-ph/9609357"б
     archivePrefix = "arXiv",
     eprint        = "1511.07122",
     primaryClass  = "hep-th",
}

@article{article:van2016wavenet,
  title={Wavenet: A generative model for raw audio},
  author={van den Oord, A{\"a}ron and Dieleman, Sander and Zen, Heiga and Simonyan, Karen and Vinyals, Oriol and Graves, Alex and Kalchbrenner, Nal and Senior, Andrew and Kavukcuoglu, Koray},
  journal={CoRR abs/1609.03499},
  year={2016}
}

@inproceedings{elson2007asirra,
  title={Asirra: a CAPTCHA that exploits interest-aligned manual image categorization.},
  author={Elson, Jeremy and Douceur, John R and Howell, Jon and Saul, Jared},
  booktitle={ACM Conference on Computer and Communications Security},
  volume={7},
  pages={366--374},
  year={2007},
  organization={Citeseer}
}

@online{kaggle:dogcats,
  author       = "Kaggle",
  title        = "Dogs vs. Cats",
  howpublished = "",
  year         = 2017,
  url          = {https://www.kaggle.com/c/dogs-vs-cats},
  urldate      = "01.08.2017",
  language     = "english"
}

@online{pres:google_dl_speech,
  author       = "Heiga Zen",
  title        = "Deep Learning in Speech Synthesis",
  howpublished = "Google",
  year         = 2013,
  url          = {https://static.googleusercontent.com/media/research.google.com/ru//pubs/archive/41539.pdf,
  urldate      = "01.08.2017",
  language     = "english"
}

@article{article:hannun2014deep,
  title={Deep speech: Scaling up end-to-end speech recognition},
  author={Hannun, Awni and Case, Carl and Casper, Jared and Catanzaro, Bryan and Diamos, Greg and Elsen, Erich and Prenger, Ryan and Satheesh, Sanjeev and Sengupta, Shubho and Coates, Adam and others},
  journal={arXiv preprint arXiv:1412.5567},
  year={2014}
}

@article{article:oord2016pixel,
  title={Pixel recurrent neural networks},
  author={Oord, Aaron van den and Kalchbrenner, Nal and Kavukcuoglu, Koray},
  journal={arXiv preprint arXiv:1601.06759},
  year={2016}
}

@article{article:jozefowicz2016exploring,
  title={Exploring the limits of language modeling},
  author={Jozefowicz, Rafal and Vinyals, Oriol and Schuster, Mike and Shazeer, Noam and Wu, Yonghui},
  journal={arXiv preprint arXiv:1602.02410},
  year={2016}
}

@article{article:oord2016conditional,
  title={Conditional Image Generation with PixelCNN Decoders},
  author={Oord, Aaron van den and Kalchbrenner, Nal and Vinyals, Oriol and Espeholt, Lasse and Graves, Alex and Kavukcuoglu, Koray},
  journal={arXiv preprint arXiv:1606.05328},
  year={2016}
}

@online{online:vctk,
  author       = "Junichi Yamagishi",
  title        = "CSTR VCTK Corpus",
  howpublished = "The Centre for Speech Technology Research",
  year         = 2016,
  url          = {http://homepages.inf.ed.ac.uk/jyamagis/page3/page58/page58.html,
  urldate      = "01.08.2017",
  language     = "english"
}

@online{online:speech_kit,
  author       = "",
  title        = "Речевые технологии Яндекс",
  howpublished = "Яндекс",
  year         = 2013,
  url          = {https://tech.yandex.ru/speechkit/?ncrnd=1644,
  urldate      = "01.08.2017",
  language     = "russian"
}

@misc{github:repo,
  author = {Rauf Kurbanov},
  title = {Tensorfow WaveNet : local conditioning},
  year = {2017},
  publisher = {GitHub},
  journal = {GitHub repository},
  howpublished = {\url{https://github.com/Rauf-Kurbanov/tensorflow-wavenet/tree/local_conditioning}}
%   commit = {}
}

@article{ling2013modeling,
  title={Modeling spectral envelopes using restricted Boltzmann machines and deep belief networks for statistical parametric speech synthesis},
  author={Ling, Zhen-Hua and Deng, Li and Yu, Dong},
  journal={IEEE Transactions on Audio, Speech, and Language Processing},
  volume={21},
  number={10},
  pages={2129--2139},
  year={2013},
  publisher={IEEE}
}

@inproceedings{ling2013modeling2,
  title={Modeling spectral envelopes using restricted Boltzmann machines for statistical parametric speech synthesis},
  author={Ling, Zhen-Hua and Deng, Li and Yu, Dong},
  booktitle={Acoustics, Speech and Signal Processing (ICASSP), 2013 IEEE International Conference on},
  pages={7825--7829},
  year={2013},
  organization={IEEE}
}

@inproceedings{kang2013multi,
  title={Multi-distribution deep belief network for speech synthesis},
  author={Kang, Shiyin and Qian, Xiaojun and Meng, Helen},
  booktitle={Acoustics, Speech and Signal Processing (ICASSP), 2013 IEEE International Conference on},
  pages={8012--8016},
  year={2013},
  organization={IEEE}
}

@inproceedings{ze2013statistical,
  title={Statistical parametric speech synthesis using deep neural networks},
  author={Ze, Heiga and Senior, Andrew and Schuster, Mike},
  booktitle={Acoustics, Speech and Signal Processing (ICASSP), 2013 IEEE International Conference on},
  pages={7962--7966},
  year={2013},
  organization={IEEE}
}

@inproceedings{fernandez2013f0,
  title={F0 contour prediction with a deep belief network-Gaussian process hybrid model},
  author={Fernandez, Raul and Rendel, Asaf and Ramabhadran, Bhuvana and Hoory, Ron},
  booktitle={Acoustics, Speech and Signal Processing (ICASSP), 2013 IEEE International Conference on},
  pages={6885--6889},
  year={2013},
  organization={IEEE}
}

@inproceedings{tokuda2002hmm,
  title={An HMM-based speech synthesis system applied to English},
  author={Tokuda, Keiichi and Zen, Heiga and Black, Alan W},
  booktitle={IEEE Speech Synthesis Workshop},
  pages={227--230},
  year={2002}
}

@inproceedings{yoshimura1999simultaneous,
  title={Simultaneous modeling of spectrum, pitch and duration in HMM-based speech synthesis},
  author={Yoshimura, Takayoshi and Tokuda, Keiichi and Masuko, Takashi and Kobayashi, Takao and Kitamura, Tadashi},
  booktitle={Sixth European Conference on Speech Communication and Technology},
  year={1999}
}

@online{wiki:hmm,
  author       = "Wikipedia",
  title        = "Hidden Markov model",
  howpublished = "Wikipedia, the free encyclopedia",
  year         = 2017,
  url          = {https://en.wikipedia.org/wiki/Generative_model},
  urldate      = "11.05.2017",
  language     = "english"
}